@PREAMBLE{
 "\providecommand{\noopsort}[1]{}" 
 # "\providecommand{\singleletter}[1]{#1}%" 
}

% Export references in the BibTeX format online:
@MISC{ARXIVEXAMPLE,
      title={Example of an arXiv reference}, 
      author={First Author and Second Author and Third Author},
      year={2022},
      eprint={2008.00000},
      archivePrefix={arXiv},
      primaryClass={cs.NE}
}

@article{Cardoso2019,
  author = {Cardoso, F. and Kyriakides, S. and Ohno, S. and Penault-Llorca, F. and Poortmans, P. and Rubio, I.T. and Zackrisson, S. and Senkus, E.},
  journal = {Annals of Oncology},
  title = {Early breast cancer: ESMO Clinical Practice Guidelines for diagnosis, treatment and follow-up},
  volume = {30},
  issue = {8},
  pages = {1194--1220},
  year = {2019},
  month = {August},
  doi = {10.1093/annonc/mdz173},
}

@article{Sun2017,
  author = {Sun, Y.S. and Zhao, Z. and Yang, Z.N. and Xu, F. and Lu, H.J. and Zhu, Z.Y. and Shi, W. and Jiang, J. and Yao, P.P. and Zhu, H.P.},
  journal = {International Journal of Biological Sciences},
  title = {Risk Factors and Preventions of Breast Cancer},
  volume = {13},
  number = {11},
  pages = {1387--1397},
  year = {2017},
  month = {November},
  doi = {10.7150/ijbs.21635},
}

@misc{WHO2024,
  author = {World Health Organization},
  title = {Breast cancer},
  year = {2024}, 
  month = {March},
  url = {https://www.who.int/news-room/fact-sheets/detail/breast-cancer},
  note = {Accessed: January 30, 2025},
}

@misc{TensorFlow2024,
  author = {TensorFlow},
  title = {API Documentation (v2.16.1)},
  year = {2024},
  month = {September},
  note = {Accessed: January 30, 2025},
  url = {https://www.tensorflow.org/api_docs}
}

@misc{scikit_learn,
  author = {scikit-learn},
  title = {scikit-learn documentation â€” DevDocs},
  note = {Accessed: January 30, 2025},
  url = {https://devdocs.io/scikit_learn/}
}

@book{Bishop2006,
  author = {Bishop, Christopher M.},
  publisher = {Springer},
  title = {Pattern Recognition and Machine Learning},
  year = {2006}
}